%% Insert your bibliography here

% Computational Thinking

% Erstes Erwähnen des Begriffes
@book{papert,
    author = {Papert, Seymour},
    title = {Mindstorms: children, computers, and powerful ideas},
    year = {1980},
    isbn = {0465046274},
    publisher = {Basic Books, Inc.},
    address = {USA},
    doi = {10.1007/978-3-0348-5357-6}
}

% Die originale Kolumne von Jeanette Wing
@article{wing2006,
    author = {Wing, Jeannette},
    year = {2006},
    month = {03},
    pages = {33-35},
    title = {Computational Thinking},
    volume = {49},
    journal = {Communications of the ACM},
    doi = {10.1145/1118178.1118215}
}

% Wing weitere CT Forschung TODO DAS KOMPLETT ANSCHAUEN
@ARTICLE{wing2008,
    title={Computational thinking and thinking about computing},
    year={2008},
    author={Jeannette M. Wing},
    doi={10.1098/rsta.2008.0118},
    pmid={18672462},pmcid={2696102},
    mag_id={2165568289},
    journal={Philosophical Transactions of the Royal Society A},
}

@book{khine17,
    author = {Khine, Myint},
    year = {2018},
    month = {01},
    pages = {17},
    title = {Computational Thinking in the STEM Disciplines Foundations and Research Highlights: Foundations and Research Highlights},
    isbn = {978-3-319-93565-2},
    journal = {Computational Thinking in the STEM Disciplines: Foundations and Research Highlights},
    doi = {10.1007/978-3-319-93566-9}
}

% Meta Paper Zusammenfassung bisheriger Studienergebnisse
@article{schute,
    author={Valerie J. Shute and Sun Chen and Jodi Asbell-Clarke},
    year={2017},
    title={Demystifying computational thinking},
    doi={10.1016/j.edurev.2017.09.003},
    mag_id={2760706586},
    journal={Educational Research Review},
}

% Zusammenfassung des Standes
@book{curzon,
    title={Computational Thinking: Die Welt des algorithmischen Denkens – in Spielen, Zaubertricks und Rätseln},
    year={2018},
    author={Paul Curzon and Paul Curzon},
    doi={10.1007/978-3-662-56774-6}
}

% ------------------ LERNTYPEN -------------------- %

% Handout, das die Lerntypen nach dem Silverman Modell erklärt und zusammenfasst
@article{felder,
    title={Learning Styles and Strategies},
    year={2007},
    author={R.M. Felder and B.A. Soloman}
}

% ------------------ CURRICULA -------------------- %

% Beleg für 4 häufigste Paradigmen, von Wikipedia
@misc{normak,
    title={Overview of the four main programming paradigms},
    year={2017},
    author={Kurt Normak},
    url={https://homes.cs.aau.dk/~normark/prog3-03/html/notes/paradigms_themes-paradigm-overview-section.html},
    urldate={2025-02-21}
}

% Stackoverflow Umfrage, Java, C# und C++ populär
@misc{stackoverflow,
    author={Stackoverflow},
    title={Stack Overflow Developer Survey 2024},
    url={https://survey.stackoverflow.co/2024/technology},
    year={2024}
    urldate={2025-02-21}
}

% Abbruchquote Informatik = Hoch
@techreport{dhzw,
  author={Ulrich Heublein and Christopher Hutzsch and Robert Schmelzer},
  title={Die Entwicklung der Studienabbruchquoten in Deutschland},
  year={2022},
  institution={Deutsches Zentrum für Hochschul- und Wissenschaftsforschung (DZHW)},
  url={https://www.dzhw.eu/pdf/pub_brief/dzhw_brief_05_2022.pdf},
  urldate={2025-02-21}
}

% ------------------ ANHANG -------------------- %

% Hochschulkompass
@misc{hochschulkompass,
    url={https://www.hochschulkompass.de/home.html}
}

% Repo
@misc{repo_xlsx,
    url={https://github.com/AnoukMartinez/BA_WS25/blob/main/Data/Hochschulkompass_Data.xlsx}
}
